/*=================================================================== DEVOPS ===
@misc{sphinx-style,
  Author = {Benoir Bryon},
  Title = {Style Guide for Sphinx-based documentations},
  year = {2012},
  url = {https://documentation-style-guide-sphinx.readthedocs.io/en/latest/style-guide.html#},
  urldate = {2020-10-16},
}

/*=================================================================== ABAQUS ===
@Misc{ABAQUS2019,
  Title           = {ABAQUS 2019},
  Author          = {{Dassault System\'{e}s Simulia Corporation}},
  Note            = {Providence, RI, USA},
  Year            = {2019},
  Address         = {Providence, RI, USA},
  Organization    = {Dassault Systemes},
}

@Manual{ABAQUS2019_NatFreq,
  Title           = {SIMULIA User Assistance 2019},
  Author          = {{Dassault System\'{e}s Simulia Corporation}},
  Note            = {Abaqus: Analysis: Natural frequency extraction},
  Year            = {2019},
  Address         = {Providence, RI, USA},
  Organization    = {Dassault Systemes},
}

@Manual{ABAQUS2019_cax4rt,
  Title           = {SIMULIA User Assistance 2019},
  Author          = {{Dassault System\'{e}s Simulia Corporation}},
  Note            = {Abaqus: Elements: Axisymmetric Solid Element Library},
  Year            = {2019},
  Address         = {Providence, RI, USA},
  Organization    = {Dassault Systemes},
}

@Manual{ABAQUS2019_surface_film,
  Title           = {SIMULIA User Assistance 2019},
  Author          = {{Dassault System\'{e}s Simulia Corporation}},
  Note            = {Abaqus: Loads: Thermal Loads},
  Year            = {2019},
  Address         = {Providence, RI, USA},
  Organization    = {Dassault Systemes},
}

@Misc{ABAQUS2011,
  Title           = {ABAQUS v. 6.11},
  Author          = {{Dassault System\'{e}s Simulia Corporation}},
  Note            = {Providence, RI, USA},
  Year            = {2011},
  Address         = {Providence, RI, USA},
  Organization    = {Dassault Systemes},
}

@Misc{ABAQUS2010,
  Title           = {ABAQUS v. 6.10},
  Author          = {{Dassault System\'{e}s Simulia Corporation}},
  Note            = {Providence, RI, USA},
  Year            = {2010},
  Address         = {Providence, RI, USA},
  Organization    = {Dassault Systemes},
}

/*==================================================================== CUBIT ===
@Misc{Cubit15-3,
  Title           = {Cubit 15.3},
  Author          = {{Sandia National Laboratories}},
  Note            = {Albuquerque, New Mexico, USA},
  Year            = {2017},
  Address         = {Albuquerque, New Mexico, USA},
  Organization    = {Sandia National Laboratories},
}

@Misc{Cubit15-5,
  Title           = {Cubit 15.5},
  Author          = {{Sandia National Laboratories}},
  Note            = {Albuquerque, New Mexico, USA},
  Year            = {2019},
  Address         = {Albuquerque, New Mexico, USA},
  Organization    = {Sandia National Laboratories},
}

/*=========================================================================================================== GRANTA ===
@misc{MIMS,
  Author = {Los Alamos National Laboratory},
  Title = {Material Database},
  year = {2020},
  url = {http://grantami.lanl.gov/mi/index.aspx},
  urldate = {2020-06-30},
}

@misc{TIMS,
  Author = {Los Alamos National Laboratory},
  Title = {Test Information Management System ({TIMS})},
  year = {2020},
  url = {http://miweb/mi/index.aspx},
  urldate = {2020-09-04},
}

@TechReport{Benedikt_TIMS,
  Title = {Test Information Management System: FY20 Report},
  Author = {Bartlomiej Benedikt},
  Number = {LA-UR-20-XXXXX},
  Year = {2020},
  Month = {},
  Address = {Los Alamos, New Mexico, USA},
  Institution = {Los Alamos National Laboratory}
}

/*=================================================== W-13 INTERNAL PROJECTS ===
@TechReport{W13_comp_env_20200916,
  Author = {Kyle Brindley and Scott Ouellette},
  Title = {W-13 Simulation and Analysis Tools Overview: The "simulations as software" paradigm},
  Number = {},
  Year = {2020},
  Month = {September},
  Address = {Los Alamos, New Mexico, USA},
  Institution = {Los Alamos National Labratory},
  Note = {W-13 Chalk Talk},
}

@misc{Toolbox,
  Author = {Los Alamos National Laboratory},
  Title = {W-13 Python Toolbox},
  year = {2020},
  url = {https://simulia.lanl.gov/E13TB-D/index.html},
  urldate = {2020-09-17},
}

@misc{Prophet,
  Author = {Los Alamos National Laboratory},
  Title = {W-13 Python Toolbox: Prophet Module},
  year = {2020},
  url = {https://simulia.lanl.gov/E13TB-D/prophet.html},
  urldate = {2020-09-17},
}
